@ARTICLE{2013MSMSE..21a5003C,
   author = {{Callahan}, P.~G. and {Simmons}, J.~P. and {De Graef}, M.},
    title = "{A quantitative description of the morphological aspects of materials structures suitable for quantitative comparisons of 3D microstructures}",
  journal = {Modelling Simul.~Mater.~Sci.~Eng.},
     year = 2013,
    month = jan,
   volume = 21,
   number = 1,
      eid = {015003},
    pages = {015003},
      doi = {10.1088/0965-0393/21/1/015003},
   adsurl = {http://adsabs.harvard.edu/abs/2013MSMSE..21a5003C},
  adsnote = {Provided by the SAO/NASA Astrophysics Data System}
}

