@article{belongie,
  title={Shape matching and object recognition using shape contexts},
  author={Belongie, Serge and Malik, Jitendra and Puzicha, Jan},
  journal={IEEE transactions on pattern analysis and machine intelligence},
  volume={24},
  number={4},
  pages={509--522},
  year={2002},
  publisher={IEEE}
}