@Article{comer,
author="Comer, Mary
and Bouman, Charles A.
and Graef, Marc
and Simmons, Jeff P.",
title="Bayesian methods for image segmentation",
journal="JOM",
year="2011",
volume="63",
number="7",
pages="55--57",
abstract="Bayesian segmentation of images shows great promise for the analysis of materials image datasets. This paper discusses the Bayesian segmentation technique and provides examples of its use.",
issn="1543-1851",
doi="10.1007/s11837-011-0113-3",
url="http://dx.doi.org/10.1007/s11837-011-0113-3"
}

