@article{gabb2011,
  title={Fatigue resistance of the grain size transition zone in a dual microstructure superalloy disk},
  author={Gabb, TP and Kantzos, PT and Telesman, J and Gayda, J and Sudbrack, CK and Palsa, B},
  journal={International Journal of Fatigue},
  volume={33},
  number={3},
  pages={414--426},
  year={2011},
  publisher={Elsevier}
}
