@ARTICLE{5255236, 
author={P. F. Felzenszwalb and R. B. Girshick and D. McAllester and D. Ramanan}, 
journal={IEEE Transactions on Pattern Analysis and Machine Intelligence}, 
title={Object Detection with Discriminatively Trained Part-Based Models}, 
year={2010}, 
volume={32}, 
number={9}, 
pages={1627-1645}, 
keywords={data mining;iterative methods;object detection;object recognition;support vector machines;PASCAL object detection;data mining;discriminative trained part-based models;iterative training algorithm;latent SVM objective function;margin-sensitive approach;multiscale deformable part models;object detection system;object recognition;support vector machine;Object recognition;deformable models;discriminative training;latent SVM.;pictorial structures;Algorithms;Artificial Intelligence;Discriminant Analysis;Image Enhancement;Image Interpretation, Computer-Assisted;Imaging, Three-Dimensional;Pattern Recognition, Automated;Reproducibility of Results;Sensitivity and Specificity}, 
doi={10.1109/TPAMI.2009.167}, 
ISSN={0162-8828}, 
month={Sept},}
