@article{gradtex,
title = "Detection and gradation of oriented texture",
journal = "Pattern Recognition Letters",
volume = "14",
number = "2",
pages = "147 - 153",
year = "1993",
note = "",
issn = "0167-8655",
doi = "http://dx.doi.org/10.1016/0167-8655(93)90088-U",
url = "http://www.sciencedirect.com/science/article/pii/016786559390088U",
author = "B.B. Chaudhuri and Pulak Kundu and Nirupam Sarkar",
keywords = "Texture analysis",
keywords = "directional texture",
keywords = "Hough transform",
keywords = "degree of directionality"
}
