@inproceedings{hog3d1,
  TITLE = {{A Spatio-Temporal Descriptor Based on 3D-Gradients}},
  AUTHOR = {Klaser, Alexander and Marszalek, Marcin and Schmid, Cordelia},
  URL = {https://hal.inria.fr/inria-00514853},
  BOOKTITLE = {{BMVC 2008 - 19th British Machine Vision Conference}},
  ADDRESS = {Leeds, United Kingdom},
  EDITOR = {Mark Everingham and Chris Needham and Roberto Fraile},
  PUBLISHER = {{British Machine Vision Association}},
  PAGES = {275:1-10},
  YEAR = {2008},
  MONTH = Sep,
  PDF = {https://hal.inria.fr/inria-00514853/file/KlaserMarszalekSchmid-BMVC08-3DGradientDescriptor.pdf},
  HAL_ID = {inria-00514853},
  HAL_VERSION = {v1},
}
