@article{kalidindi2,
title = "Optimized structure based representative volume element sets reflecting the ensemble-averaged 2-point statistics ",
journal = "Acta Materialia ",
volume = "58",
number = "13",
pages = "4432 - 4445",
year = "2010",
note = "",
issn = "1359-6454",
doi = "http://dx.doi.org/10.1016/j.actamat.2010.04.041",
url = "http://www.sciencedirect.com/science/article/pii/S1359645410002570",
author = "Stephen R. Niezgoda and David M. Turner and David T. Fullwood and Surya R. Kalidindi",
keywords = "Microstructure",
keywords = "Representative volume element",
keywords = "2-Point correlations",
keywords = "Statistics",
keywords = "Structureâ€“property relationships "
}

