@article{kalidindi1,
title = "Microstructure reconstructions from 2-point statistics using phase-recovery algorithms ",
journal = "Acta Materialia ",
volume = "56",
number = "5",
pages = "942 - 948",
year = "2008",
note = "",
issn = "1359-6454",
doi = "http://dx.doi.org/10.1016/j.actamat.2007.10.044",
url = "http://www.sciencedirect.com/science/article/pii/S1359645407007458",
author = "David T. Fullwood and Stephen R. Niezgoda and Surya R. Kalidindi",
keywords = "Microstructure",
keywords = "Analytical methods",
keywords = "Reconstruction "
}

