@article{marc1,
author = {Simmons,JP and Bartha,B and De Graef,M and Comer,M},
title = {Development of Bayesian Segmentation Techniques for Automated Segmentation of Titanium Alloy Images},
journal = {Microscopy and Microanalysis},
volume = {14},
issue = {Supplement S2},
month = {8},
month = {8},
year = {2008},
issn = {1435-8115},
pages = {602--603},
numpages = {2},
doi = {10.1017/S1431927608085760},
URL = {http://journals.cambridge.org/article_S1431927608085760},
}
