@INPROCEEDINGS{5967788, 
author={L. Huffman and J. Simmons and M. De Graef and I. Pollak}, 
booktitle={Statistical Signal Processing Workshop (SSP), 2011 IEEE}, 
title={Shape priors for MAP segmentation of alloy micrographs using graph cuts}, 
year={2011}, 
pages={661-664}, 
keywords={MAP estimation;Segmentation;graph cut;micrograph;min-cut;shape prior}, 
doi={10.1109/SSP.2011.5967788}, 
ISSN={pending}, 
month={June},}
