@article{marc2,
author = {Gulsoy,E and DeGraef,M},
title = {Advances in the Automated Segmentation of 3-D Microstructures},
journal = {Microscopy and Microanalysis},
volume = {15},
issue = {Supplement S2},
month = {7},
month = {7},
year = {2009},
issn = {1435-8115},
pages = {606--607},
numpages = {2},
doi = {10.1017/S1431927609094690},
URL = {http://journals.cambridge.org/article_S1431927609094690},
}
