@article{Fährmann19951007,
title = "Influence of coherency stress on microstructural evolution in model Ni-Al-Mo alloys ",
journal = "Acta Metallurgica et Materialia ",
volume = "43",
number = "3",
pages = "1007 - 1022",
year = "1995",
note = "",
issn = "0956-7151",
doi = "http://dx.doi.org/10.1016/0956-7151(94)00337-H",
url = "http://www.sciencedirect.com/science/article/pii/095671519400337H",
author = "M. Fährmann and P. Fratzl and O. Paris and E. Fährmann and William C. Johnson"
}

