@Article{pollock2006,
author={Pollock, Tresa M.
and Tin, Sammy},
title={Nickel-Based Superalloys for Advanced Turbine Engines: Chemistry, Microstructure and Properties},
journal={Journal of Propulsion and Power},
year={2006},
month={Mar},
day={01},
publisher={American Institute of Aeronautics and Astronautics},
volume={22},
number={2},
pages={361-374},
issn={0748-4658},
doi={10.2514/1.18239},
url={http://dx.doi.org/10.2514/1.18239}
}
