@INPROCEEDINGS{sift, 
author={D. G. Lowe}, 
booktitle={Computer Vision, 1999. The Proceedings of the Seventh IEEE International Conference on}, 
title={Object recognition from local scale-invariant features}, 
year={1999}, 
volume={2}, 
pages={1150-1157 vol.2}, 
keywords={computational geometry;feature extraction;image matching;least squares approximations;object recognition;3D projection;blurred image gradients;candidate object matches;cluttered partially occluded images;computation time;inferior temporal cortex;local geometric deformations;local image features;local scale-invariant features;low residual least squares solution;multiple orientation planes;nearest neighbor indexing method;primate vision;robust object recognition;staged filtering approach;unknown model parameters;Computer science;Electrical capacitance tomography;Filters;Image recognition;Layout;Lighting;Neurons;Object recognition;Programmable logic arrays;Reactive power}, 
doi={10.1109/ICCV.1999.790410}, 
month={},}