@article{sluytman,
title = "Optimal precipitate shapes in nickel-base γ–γ′ alloys ",
journal = "Acta Materialia ",
volume = "60",
number = "4",
pages = "1771 - 1783",
year = "2012",
note = "",
issn = "1359-6454",
doi = "http://dx.doi.org/10.1016/j.actamat.2011.12.008",
url = "http://www.sciencedirect.com/science/article/pii/S1359645411008706",
author = "J.S. Van Sluytman and T.M. Pollock",
keywords = "Ni-base superalloys",
keywords = "Gamma prime morphology",
keywords = "Moment invariants",
keywords = "Lattice misfit",
keywords = "Platinum group metals "
}

