@inproceedings{spherical,
 author = {Kazhdan, Michael and Funkhouser, Thomas and Rusinkiewicz, Szymon},
 title = {Rotation Invariant Spherical Harmonic Representation of 3D Shape Descriptors},
 booktitle = {Proceedings of the 2003 Eurographics/ACM SIGGRAPH Symposium on Geometry Processing},
 series = {SGP '03},
 year = {2003},
 isbn = {1-58113-687-0},
 location = {Aachen, Germany},
 pages = {156--164},
 numpages = {9},
 url = {http://dl.acm.org/citation.cfm?id=882370.882392},
 acmid = {882392},
 publisher = {Eurographics Association},
 address = {Aire-la-Ville, Switzerland, Switzerland},
}
