@article{stegmann,
  title={A brief introduction to statistical shape analysis},
  author={Stegmann, Mikkel B and Gomez, David Delgado},
  journal={Informatics and mathematical modelling, Technical University of Denmark, DTU},
  volume={15},
  number={11},
  year={2002}
}
