@article{stin2000,
  title={Carbon additions and grain defect formation in high refractory nickel-base single crystal superalloys},
  author={Tin, S and Pollock, TM and King, WT},
  journal={Ann Arbor},
  volume={1001},
  pages={48109}
}