@article{Echlin2014307,
title = "Three-dimensional characterization of the permeability of W–Cu composites using a new “TriBeam” technique ",
journal = "Acta Materialia ",
volume = "64",
number = "",
pages = "307 - 315",
year = "2014",
note = "",
issn = "1359-6454",
doi = "http://dx.doi.org/10.1016/j.actamat.2013.10.043",
url = "http://www.sciencedirect.com/science/article/pii/S1359645413008069",
author = "McLean P. Echlin and Alessandro Mottura and Michael Wang and Paul J. Mignone and Daniel P. Riley and George V. Franks and Tresa M. Pollock",
keywords = "Tungsten–copper",
keywords = "Microstructural volume element",
keywords = "Property volume element",
keywords = "Representative volume element",
keywords = "Femtosecond laser tomography "
}

