@Inbook{Underwood1973,
author="Underwood, Ervin E.",
editor="McCall, James L.
and Mueller, William M.",
chapter="Quantitative Stereology for Microstructural Analysis",
title="Microstructural Analysis: Tools and Techniques",
year="1973",
publisher="Springer US",
address="Boston, MA",
pages="35--66",
isbn="978-1-4615-8693-7",
doi="10.1007/978-1-4615-8693-7_3",
url="http://dx.doi.org/10.1007/978-1-4615-8693-7_3"
}

