




@article{doi:10.1080/14786430903081990,
author = { Ning   Zhou  and  Chen   Shen  and  Michael   Mills  and  Yunzhi   Wang },
title = {Large-scale three-dimensional phase field simulation of γ ′-rafting and creep deformation},
journal = {Philosophical Magazine},
volume = {90},
number = {1-4},
pages = {405-436},
year = {2010},
doi = {10.1080/14786430903081990},

URL = { 
        http://dx.doi.org/10.1080/14786430903081990
    
},
eprint = { 
        http://dx.doi.org/10.1080/14786430903081990
    
}

}


