@article{Wang19982983,
title = "Field kinetic model and computer simulation of precipitation of \{L12\} ordered intermetallics from f.c.c. solid solution ",
journal = "Acta Materialia ",
volume = "46",
number = "9",
pages = "2983 - 3001",
year = "1998",
note = "",
issn = "1359-6454",
doi = "http://dx.doi.org/10.1016/S1359-6454(98)00015-9",
url = "http://www.sciencedirect.com/science/article/pii/S1359645498000159",
author = "Y. Wang and D. Banerjee and C.C. Su and A.G. Khachaturyan"
}

